% This file was created with JabRef 2.9.2.
% Encoding: Cp1252

@BOOK{labmanual,
  title = {ECE 469 Lab Manual},
  publisher = {University of Illinois},
  year = {2013},
  author = {Philip T. Krein and Robert C. N. Pilawa},
  owner = {lei10},
  timestamp = {2013.08.20}
}

@ELECTRONIC{latexsite,
  title = {LaTex Project site},
  url = {http://www.latex-project.org/},
  owner = {Yutian},
  timestamp = {2013.08.18}
}

@ELECTRONIC{website469,
  title = {ECE469 Course Website},
  url = {http://courses.engr.illinois.edu/ece469/software/},
  owner = {Yutian},
  timestamp = {2013.08.18}
}

@ELECTRONIC{wikibook,
  title = {LaTeX Wikibook},
  url = {http://en.wikibooks.org/wiki/LaTeX/},
  owner = {Yutian},
  timestamp = {2013.08.18}
}

